<?xml version="1.0" encoding="UTF-8"?>
<collection xmlns="http://www.loc.gov/MARC21/slim">
    <record>
        <leader>00000nz  a2200169   4500</leader>
        <controlfield tag="001">30002514</controlfield>
        <controlfield tag="003">RISM</controlfield>
        <controlfield tag="005">20160216</controlfield>
        <controlfield tag="008">160216n||az|||||||##########||||||||||||</controlfield>
        <datafield tag="040" ind1=" " ind2=" ">
            <subfield code="a">UA-Kan</subfield>
        </datafield>
        <datafield tag="043" ind1=" " ind2=" ">
            <subfield code="c">XA-UA</subfield>
        </datafield>
        <datafield tag="110" ind1="2" ind2=" ">
            <subfield code="a">Central'naja naučnaja biblioteka im. V. I. Vernads'koho, Nacional'noj akademii nauk Ukrajiny</subfield>
            <subfield code="c">Kyjiv</subfield>
            <subfield code="g">UA-Kan</subfield>
        </datafield>
        <datafield tag="622" ind1=" " ind2=" ">
            <subfield code="e">Central'naja naučnaja biblioteka im. V.,  I. Vernads'koho, Nacional'noj akademii,  nauk Ukrajiny, Prospekt 40-riččja Žovtnja, 3, 03039 Kyjiv, Ukraine</subfield>
        </datafield>
    </record>