
    <record>
        <leader>00000nz  a2200169   4500</leader>
        <controlfield tag="001">30078247</controlfield>
        <controlfield tag="003">RISM</controlfield>
        <controlfield tag="005">20160216</controlfield>
        <controlfield tag="008">160216n||az|||||||##########||||||||||||</controlfield>
        <datafield tag="040" ind1=" " ind2=" ">
            <subfield code="a">UA-Knbuv</subfield>
        </datafield>
        <datafield tag="043" ind1=" " ind2=" ">
            <subfield code="c">UA</subfield>
        </datafield>
        <datafield tag="110" ind1="2" ind2=" ">
            <subfield code="a">Nacional'na biblioteka Ukrajiny imeni V. I. Vernads'koho</subfield>
            <subfield code="c">Kyjiv</subfield>
            <subfield code="g">UA-Knbuv</subfield>
        </datafield>
        <datafield tag="410" ind1="2" ind2=" ">
            <subfield code="a">Національна бібліотека України імені В. І. Вернадського (НБУВ)</subfield>
        </datafield>
        <datafield tag="410" ind1="2" ind2=" ">
            <subfield code="a">Vernadsky National Library of Ukraine</subfield>
        </datafield>
        <datafield tag="622" ind1=" " ind2=" ">
            <subfield code="e">Nacional'na biblioteka Ukrajiny imeni V.,  I. Vernads'koho, Prospekt 40-riččja Žovtnja, 3, 03039 Kyjiv, Ukraine</subfield>
            <subfield code="u">http://www.nbuv.gov.ua/</subfield>
        </datafield>
    </record>