
    <record>
        <leader>00000nz  a2200169   4500</leader>
        <controlfield tag="001">30002524</controlfield>
        <controlfield tag="003">RISM</controlfield>
        <controlfield tag="005">20160216</controlfield>
        <controlfield tag="008">160216n||az|||||||##########||||||||||||</controlfield>
        <datafield tag="040" ind1=" " ind2=" ">
            <subfield code="a">UA-LV</subfield>
        </datafield>
        <datafield tag="043" ind1=" " ind2=" ">
            <subfield code="c">XA-UA</subfield>
        </datafield>
        <datafield tag="110" ind1="2" ind2=" ">
            <subfield code="a">Derzhavna konservatoiya im. M. Lysenka</subfield>
            <subfield code="c">L'viv</subfield>
            <subfield code="g">UA-LV</subfield>
        </datafield>
        <datafield tag="410" ind1="2" ind2=" ">
            <subfield code="a">M. Lysenko State Conservatory of Musik, Library</subfield>
        </datafield>
        <datafield tag="410" ind1="2" ind2=" ">
            <subfield code="a">Biblioteka Vyshchoho muzychnoho instytutu im. M. Lysenka</subfield>
        </datafield>
        <datafield tag="410" ind1="2" ind2=" ">
            <subfield code="a">Bibliothek der Lysenko-Hochschule für Musik</subfield>
        </datafield>
        <datafield tag="622" ind1=" " ind2=" ">
            <subfield code="e">Derzhavna konservatoiya im. M. Lysenka, ul. O. Nyzhankivskogo, 5, 290005 L'viv, Ukraine</subfield>
        </datafield>
    </record>