
    <record>
        <leader>00000nz  a2200169   4500</leader>
        <controlfield tag="001">30005697</controlfield>
        <controlfield tag="003">RISM</controlfield>
        <controlfield tag="005">20160216</controlfield>
        <controlfield tag="008">160216n||az|||||||##########||||||||||||</controlfield>
        <datafield tag="040" ind1=" " ind2=" ">
            <subfield code="a">UA-LVs</subfield>
        </datafield>
        <datafield tag="043" ind1=" " ind2=" ">
            <subfield code="c">XA-UA</subfield>
        </datafield>
        <datafield tag="110" ind1="2" ind2=" ">
            <subfield code="a">L'vivska naukova biblioteka im. V. Stefanyka NAN Ukrainy</subfield>
            <subfield code="c">L'viv</subfield>
            <subfield code="g">UA-LVs</subfield>
        </datafield>
        <datafield tag="410" ind1="2" ind2=" ">
            <subfield code="a">L'viv Stefanyk Scientific Library</subfield>
        </datafield>
        <datafield tag="410" ind1="2" ind2=" ">
            <subfield code="a">Instytut Ossolińskiego</subfield>
        </datafield>
        <datafield tag="410" ind1="2" ind2=" ">
            <subfield code="a">Biblioteka Publiczna fundacji M. Ossolińskiego</subfield>
        </datafield>
    </record>