
    <record>
        <leader>00000nz  a2200169   4500</leader>
        <controlfield tag="001">30006358</controlfield>
        <controlfield tag="003">RISM</controlfield>
        <controlfield tag="005">20160216</controlfield>
        <controlfield tag="008">160216n||az|||||||##########||||||||||||</controlfield>
        <datafield tag="040" ind1=" " ind2=" ">
            <subfield code="a">UA-LVu</subfield>
        </datafield>
        <datafield tag="043" ind1=" " ind2=" ">
            <subfield code="c">XA-UA</subfield>
        </datafield>
        <datafield tag="110" ind1="2" ind2=" ">
            <subfield code="a">Naukowa Biblioteka L'wiws'koho nacional'noho uniwersytetu im. Ivana Franka</subfield>
            <subfield code="c">L'viv</subfield>
            <subfield code="g">UA-LVu</subfield>
        </datafield>
        <datafield tag="622" ind1=" " ind2=" ">
            <subfield code="e">Naukowa Biblioteka L'wiws'koho, nacional'noho uniwersytetu im. Ivana, Franka, vul. Dragomanova, 5, 79601 L'viv, Ukraine</subfield>
            <subfield code="u">http://library.lnu.edu.ua/bibl/</subfield>
        </datafield>
    </record>