
    <record>
        <leader>00000nz  a2200169   4500</leader>
        <controlfield tag="001">30002531</controlfield>
        <controlfield tag="003">RISM</controlfield>
        <controlfield tag="005">20160216</controlfield>
        <controlfield tag="008">160216n||az|||||||##########||||||||||||</controlfield>
        <datafield tag="040" ind1=" " ind2=" ">
            <subfield code="a">UA-O</subfield>
        </datafield>
        <datafield tag="043" ind1=" " ind2=" ">
            <subfield code="c">XA-UA</subfield>
        </datafield>
        <datafield tag="110" ind1="2" ind2=" ">
            <subfield code="a">Biblioteka Derzhavnoji Konservatoriji im. A. W. Nezhdanovoji</subfield>
            <subfield code="c">Odessa</subfield>
            <subfield code="g">UA-O</subfield>
        </datafield>
        <datafield tag="410" ind1="2" ind2=" ">
            <subfield code="a">Biblioteka Gosudarstvennoy Konservatoriy imeni A. V. Nezhdanovoy</subfield>
        </datafield>
        <datafield tag="410" ind1="2" ind2=" ">
            <subfield code="a">Biblioteka Gosudarstvennoj konservatorii im. A. V. Neždanovoj</subfield>
        </datafield>
    </record>