
    <record>
        <leader>00000nz  a2200169   4500</leader>
        <controlfield tag="001">30005704</controlfield>
        <controlfield tag="003">RISM</controlfield>
        <controlfield tag="005">20160216</controlfield>
        <controlfield tag="008">160216n||az|||||||##########||||||||||||</controlfield>
        <datafield tag="040" ind1=" " ind2=" ">
            <subfield code="a">UA-Oan</subfield>
        </datafield>
        <datafield tag="043" ind1=" " ind2=" ">
            <subfield code="c">XA-UA</subfield>
        </datafield>
        <datafield tag="110" ind1="2" ind2=" ">
            <subfield code="a">Derzhavna Naukova Biblioteka im. M. Hor'koho</subfield>
            <subfield code="c">Odessa</subfield>
            <subfield code="g">UA-Oan</subfield>
        </datafield>
        <datafield tag="410" ind1="2" ind2=" ">
            <subfield code="a">Biblioteka nazionalnoi Akademii nauk</subfield>
        </datafield>
    </record>
</collection>

